@online{sharif:thesisguide,
  author = {Asadi, Maryam and Seyfi, Khayron-nesa},
  title = {A guide to M.Sc. and Ph.D. thesis writing},
  publisher = {Central Library, Sharif University of Technology},
  year = {2020},
  url = {http://library.sharif.ir/124},
  urldate = {2021-07-23}
}
@online {sharif:cesite,
  author = {Saman Barghi},
  title = {{SharifCE - Home}},
  publisher = {Official Website of Computer Engineering Department, Sharif University of Technology},
  year = {2013},
  url = {http://ce.sharif.edu/},
  urldate = {2014-05-11}
}
@online {persiancomputing:keyboard,
  author = {},
  title = {Iranian Standard Persian Keyboard},
  publisher = {Persian Computing Community},
  year = {2014},
  url = {http://persian-computing.org/download/Iranian_Standard_Persian_Keyboard_(ISIRI_9147)_(Version_2.0).zip},
  urldate = {2014-06-02}
}
